<?xml version="1.0" encoding="UTF-8"?>
<collection xmlns="http://www.loc.gov/MARC21/slim"><record xmlns="http://www.loc.gov/MARC21/slim" xmlns:xsi="http://www.w3.org/2001/XMLSchema-instance" xsi:schemaLocation="http://www.loc.gov/MARC21/slim http://www.loc.gov/standards/marcxml/schema/MARC21slim.xsd"><leader>06687cam a2200997   4500</leader><controlfield tag="001">0021053709</controlfield><controlfield tag="003">DE-576</controlfield><controlfield tag="005">20180524103109.0</controlfield><controlfield tag="007">cr uuu---uuuuu</controlfield><controlfield tag="008">180427s2014    xx      s     000 0 ger c</controlfield><datafield ind1="7" ind2="_" tag="024"><subfield code="a">urn:nbn:de:bsz:14-qucosa-228669</subfield><subfield code="2">urn</subfield></datafield><datafield ind1="_" ind2="_" tag="035"><subfield code="a">(OCoLC)1033912747</subfield></datafield><datafield ind1="_" ind2="_" tag="035"><subfield code="a">(DE-599)BSZ502444746</subfield></datafield><datafield ind1="_" ind2="_" tag="040"><subfield code="a">DE-576</subfield><subfield code="b">ger</subfield><subfield code="c">DE-576</subfield><subfield code="e">rda</subfield></datafield><datafield ind1="_" ind2="_" tag="041"><subfield code="a">ger</subfield></datafield><datafield ind1="0" ind2="_" tag="082"><subfield code="a">920</subfield></datafield><datafield ind1="0" ind2="_" tag="082"><subfield code="a">920</subfield></datafield><datafield ind1="_" ind2="_" tag="084"><subfield code="a">NB 5400</subfield><subfield code="2">rvk</subfield><subfield code="9">N</subfield><subfield code="9">NB</subfield><subfield code="9">NB 5100 - NB 6900</subfield><subfield code="9">NB 5120 - NB 5600</subfield><subfield code="9">NB 5380 - NB 5450</subfield><subfield code="9">NB 5400</subfield></datafield><datafield ind1="_" ind2="_" tag="084"><subfield code="a">ND 7360</subfield><subfield code="2">rvk</subfield><subfield code="9">N</subfield><subfield code="9">ND</subfield><subfield code="9">ND 7240 - ND 7900</subfield><subfield code="9">ND 7360 - ND 7400</subfield><subfield code="9">ND 7360</subfield></datafield><datafield ind1="_" ind2="_" tag="084"><subfield code="a">NM 7400</subfield><subfield code="2">rvk</subfield><subfield code="9">N</subfield><subfield code="9">NM</subfield><subfield code="9">NM 5400 - NM 7470</subfield><subfield code="9">NM 7230 - NM 7470</subfield><subfield code="9">NM 7400 - NM 7470</subfield><subfield code="9">NM 7400</subfield></datafield><datafield ind1="1" ind2="_" tag="100"><subfield code="a">Webers, Linda Elise</subfield><subfield code="e">verfasserin</subfield><subfield code="4">aut</subfield></datafield><datafield ind1="1" ind2="0" tag="245"><subfield code="a">Genealogische Herrschaftslegitimierung in Text und Bild :</subfield><subfield code="b">die &#8218;F&#252;rstliche Chronik&#8217; Jakob Mennels und ihr Ort im gedechtnus-Werk Maximilians I. /</subfield><subfield code="c">von Linda Elise Webers</subfield></datafield><datafield ind1="_" ind2="1" tag="264"><subfield code="a">Dresden :</subfield><subfield code="b">Technische Universit&#228;t Dresden, </subfield><subfield code="c">2014</subfield></datafield><datafield ind1="_" ind2="2" tag="264"><subfield code="a">Dresden :</subfield><subfield code="b">Saechsische Landesbibliothek- Staats- und Universitaetsbibliothek Dresden, </subfield><subfield code="c">2018</subfield></datafield><datafield ind1="_" ind2="_" tag="300"><subfield code="a">1 Online-Ressource (411 Seiten) :</subfield><subfield code="b">Illustrationen</subfield></datafield><datafield ind1="_" ind2="_" tag="336"><subfield code="a">Text</subfield><subfield code="b">txt</subfield><subfield code="2">rdacontent</subfield></datafield><datafield ind1="_" ind2="_" tag="337"><subfield code="a">Computermedien</subfield><subfield code="b">c</subfield><subfield code="2">rdamedia</subfield></datafield><datafield ind1="_" ind2="_" tag="338"><subfield code="a">Online-Ressource</subfield><subfield code="b">cr</subfield><subfield code="2">rdacarrier</subfield></datafield><datafield ind1="_" ind2="_" tag="502"><subfield code="b">Dissertation</subfield><subfield code="c">Technische Universit&#228;t Dresden</subfield><subfield code="d">2015</subfield></datafield><datafield ind1="_" ind2="_" tag="520"><subfield code="a">Im Zentrum der Dissertation steht die Untersuchung der 1518 fertig gestellten 'F&#252;rstlichen Chronik' des Freiburger Juristen und Historiographen Jakob Mennel. Sein monumentales, f&#252;nfb&#228;ndiges Werk berichtet auf mehr als 2600 Text- und Bildseiten von der Genese des Hauses Habsburg und verfolgt diese detailliert durch einen Zeitraum von 2700 Jahren. 

Die interdisziplin&#228;r angelegte Grundlagenarbeit an der Schnittstelle von Kunstgeschichte, Literatur- und Geschichtswissenschaft erfasst s&#228;mtliche Kodizes der Chronik erstmals vollst&#228;ndig in Form einer Inhalts- und Funktionsanalyse. Genealogie wird als Denk- und Argumentationsmuster erl&#228;utert, der politisch-gesellschaftliche Hintergrund verschiedener Habsburger-Genealogien ab dem 10. Jh. skizziert und in das gedechtnus-Werk Kaiser Maximilians I. (1459-1519) eingef&#252;hrt, um darauf basierend den Aufbau, die Zielsetzung und Funktion der 'F&#252;rstlichen Chronik' Jakob Mennels herauszuarbeiten. 

Gezeigt wird, dass Mennels Genealogie dem Kaiser nicht nur zur Legitimierung seiner Herrschaft, sondern auch zur Stabilisierung der stets prek&#228;ren Macht diente: Dies funktioniert einerseits &#252;ber Mennels genealogischen Entwurf, insbesondere dessen ungebrochene Linienf&#252;hrung und die R&#252;ckbindung an die Idoneit&#228;t, Tugend und Potenz zahlreicher weiterer Adelsgeschlechter. 

Verbreitet wird das in der Chronik entworfene Wissen durch bedeutende Bildwerke maximilianischer gedechtnus, die als Ergebnisse einer medialen Transformation der genealogischen Formel beschrieben werden. Dieser Konnex bildet neben dem Einbezug der weiteren Verarbeitung und Rezeption der 'F&#252;rstlichen Chronik' den zweiten gro&#223;en Untersuchungsschwerpunkt der Dissertation. 

Zentrale Aussagen der Chronik nehmen als implizite politisch-territoriale Anspr&#252;che, in Text und Bild der einzelnen Medien jeweils divers organisiert, konkrete Gestalt an. Sie trugen, so die These, mit der Verbreitung des genealogischen Wissens der 'F&#252;rstlichen Chronik' entscheidend zur Legitimierung und Stabilisierung habsburgischer Herrschaft bei - die bis 1918 bestand.</subfield></datafield><datafield ind1="_" ind2="_" tag="591"><subfield code="a">5010, 5090: ddsu,sred</subfield></datafield><datafield ind1="_" ind2="7" tag="655"><subfield code="a">Hochschulschrift</subfield><subfield code="0">(DE-588)4113937-9</subfield><subfield code="0">(DE-576)209480580</subfield><subfield code="2">gnd-content</subfield></datafield><datafield ind1="2" ind2="_" tag="710"><subfield code="a">Technische Universit&#228;t Dresden</subfield><subfield code="e">gradverleihende institution</subfield><subfield code="0">(DE-588)2024114-8</subfield><subfield code="0">(DE-576)191767573</subfield><subfield code="4">dgg</subfield></datafield><datafield ind1="_" ind2="_" tag="751"><subfield code="a">Dresden</subfield><subfield code="0">(DE-588)4012995-0</subfield><subfield code="2">gnd</subfield><subfield code="4">uvp</subfield></datafield><datafield ind1="0" ind2="8" tag="776"><subfield code="i">Erscheint auch als</subfield><subfield code="n">Druck-Ausgabe</subfield><subfield code="a">Genealogische Herrschaftslegitimierung in Text und Bild</subfield><subfield code="d">Dresden : Technische Universit&#228;t Dresden, 2014</subfield><subfield code="h">411 Seiten</subfield><subfield code="w">(DE-576)502366389</subfield></datafield><datafield ind1="_" ind2="_" tag="852"><subfield code="a">DE-Brt1</subfield><subfield code="z">2018-05-18T07:09:35Z</subfield></datafield><datafield ind1="_" ind2="_" tag="852"><subfield code="a">DE-D161</subfield><subfield code="z">2018-05-18T07:09:35Z</subfield></datafield><datafield ind1="_" ind2="_" tag="852"><subfield code="a">DE-Zi4</subfield><subfield code="z">2018-05-18T07:09:35Z</subfield></datafield><datafield ind1="_" ind2="_" tag="852"><subfield code="a">DE-14</subfield><subfield code="z">2018-04-30T07:19:43Z</subfield></datafield><datafield ind1="_" ind2="_" tag="852"><subfield code="a">DE-Zwi2</subfield><subfield code="z">2018-05-18T07:09:35Z</subfield></datafield><datafield ind1="_" ind2="_" tag="852"><subfield code="a">DE-Pl11</subfield><subfield code="z">2018-05-18T07:09:35Z</subfield></datafield><datafield ind1="_" ind2="_" tag="852"><subfield code="a">DE-Gla1</subfield><subfield code="z">2018-05-18T07:09:35Z</subfield></datafield><datafield ind1="_" ind2="_" tag="852"><subfield code="a">DE-L229</subfield><subfield code="z">2018-05-18T07:09:35Z</subfield></datafield><datafield ind1="_" ind2="_" tag="852"><subfield code="a">DE-105</subfield><subfield code="z">2018-05-18T07:09:35Z</subfield></datafield><datafield ind1="_" ind2="_" tag="852"><subfield code="a">DE-520</subfield><subfield code="z">2018-05-18T07:09:35Z</subfield></datafield><datafield ind1="_" ind2="_" tag="852"><subfield code="a">DE-Ch1</subfield><subfield code="z">2018-05-18T07:09:35Z</subfield></datafield><datafield ind1="_" ind2="_" tag="852"><subfield code="a">DE-15</subfield><subfield code="z">2018-05-18T07:09:35Z</subfield></datafield><datafield ind1="_" ind2="_" tag="852"><subfield code="a">LFER</subfield><subfield code="z">2018-05-18T07:09:35Z</subfield></datafield><datafield ind1="_" ind2="_" tag="852"><subfield code="a">DE-Rs1</subfield><subfield code="z">2018-05-18T07:09:35Z</subfield></datafield><datafield ind1="_" ind2="_" tag="852"><subfield code="a">DE-Bn3</subfield><subfield code="z">2018-05-18T07:09:35Z</subfield></datafield><datafield ind1="4" ind2="0" tag="856"><subfield code="q">application/pdf</subfield><subfield code="u">http://nbn-resolving.de/urn:nbn:de:bsz:14-qucosa-228669</subfield><subfield code="x">Resolving-System</subfield><subfield code="z">Kostenfrei</subfield></datafield><datafield ind1="_" ind2="_" tag="856"><subfield code="9">DE-14</subfield><subfield code="u">http://nbn-resolving.de/urn:nbn:de:bsz:14-qucosa-228669</subfield><subfield code="i">nd14</subfield><subfield code="i">nd2 </subfield></datafield><datafield ind1="_" ind2="_" tag="856"><subfield code="9">LFER</subfield><subfield code="u">http://nbn-resolving.de/urn:nbn:de:bsz:14-qucosa-228669</subfield><subfield code="i">nd14</subfield><subfield code="i">nd2 </subfield></datafield><datafield ind1="_" ind2="_" tag="910"><subfield code="a">Technical University</subfield></datafield><datafield ind1="_" ind2="_" tag="910"><subfield code="a">g:Dresden</subfield></datafield><datafield ind1="_" ind2="_" tag="910"><subfield code="a">University of Technology</subfield></datafield><datafield ind1="_" ind2="_" tag="910"><subfield code="a">Universidad T&#233;cnica</subfield></datafield><datafield ind1="_" ind2="_" tag="910"><subfield code="a">Universit&#233; Technique</subfield></datafield><datafield ind1="_" ind2="_" tag="910"><subfield code="a">Uniwersytet Techniczny</subfield></datafield><datafield ind1="_" ind2="_" tag="910"><subfield code="a">Dresden University of Technology</subfield></datafield><datafield ind1="_" ind2="_" tag="910"><subfield code="a">Techni&#269;eskij Universitet</subfield></datafield><datafield ind1="_" ind2="_" tag="910"><subfield code="a">University</subfield></datafield><datafield ind1="_" ind2="_" tag="910"><subfield code="a">Dresden University of Tecnology</subfield></datafield><datafield ind1="_" ind2="_" tag="910"><subfield code="a">TUD</subfield></datafield><datafield ind1="_" ind2="_" tag="910"><subfield code="a">4:abku</subfield></datafield><datafield ind1="_" ind2="_" tag="910"><subfield code="a">TU Dresden</subfield></datafield><datafield ind1="_" ind2="_" tag="910"><subfield code="a">Technische Universit&#228;t</subfield></datafield><datafield ind1="_" ind2="_" tag="910"><subfield code="a">Technische Hochschule Dresden</subfield></datafield><datafield ind1="_" ind2="_" tag="910"><subfield code="a">4:vorg</subfield></datafield><datafield ind1="_" ind2="_" tag="912"><subfield code="a">qucosa</subfield></datafield><datafield ind1="_" ind2="_" tag="935"><subfield code="b">cofz</subfield></datafield><datafield ind1="_" ind2="_" tag="935"><subfield code="c">text</subfield><subfield code="c">hs</subfield></datafield><datafield ind1="_" ind2="_" tag="935"><subfield code="a">lfer</subfield></datafield><datafield ind1="r" ind2="v" tag="936"><subfield code="a">NB 5400</subfield><subfield code="b">Renaissance und Humanismus</subfield><subfield code="k">Geschichte</subfield><subfield code="k">Geschichte als Wissenschaft und Unterrichtsfach</subfield><subfield code="k">Geschichte der Geschichtsschreibung und der Geschichtswissenschaft</subfield><subfield code="k">Geschichtsschreibung einzelner Zeiten und V&#246;lker</subfield><subfield code="k">Neuzeit</subfield><subfield code="k">Renaissance und Humanismus</subfield><subfield code="0">201444461</subfield></datafield><datafield ind1="r" ind2="v" tag="936"><subfield code="a">ND 7360</subfield><subfield code="b">Europ&#228;ische Herrscherh&#228;user</subfield><subfield code="k">Geschichte</subfield><subfield code="k">Historische Hilfswissenschaften</subfield><subfield code="k">Genealogie und Familiengeschichte</subfield><subfield code="k">Genealogie und Familiengeschichte der Herrscherh&#228;user</subfield><subfield code="k">Europ&#228;ische Herrscherh&#228;user</subfield><subfield code="0">201133814</subfield></datafield><datafield ind1="r" ind2="v" tag="936"><subfield code="a">NM 7400</subfield><subfield code="b">Quellen</subfield><subfield code="k">Geschichte</subfield><subfield code="k">Geschichte des Mittelalters</subfield><subfield code="k">Abendl&#228;ndische Geschichte im Mittelalter nach Zeitabschnitten</subfield><subfield code="k">Sp&#228;tmittelalter (1250 - 1519)</subfield><subfield code="k">Schisma und Konzilsgeist, Reichsreform und Habsburgs Aufstieg bis zum Tode Maximilians I. (1378 - 1519)</subfield><subfield code="k">Quellen</subfield><subfield code="0">201462788</subfield></datafield><datafield ind1="_" ind2="_" tag="970"><subfield code="c">OD</subfield></datafield><datafield ind1="_" ind2="_" tag="971"><subfield code="c">EBOOK</subfield></datafield><datafield ind1="_" ind2="_" tag="972"><subfield code="c">EBOOK</subfield></datafield><datafield ind1="_" ind2="_" tag="973"><subfield code="c">EB</subfield></datafield><datafield ind1="_" ind2="_" tag="980"><subfield code="a">502444746</subfield><subfield code="b">0</subfield><subfield code="c">201806071138</subfield></datafield><datafield ind1="_" ind2="_" tag="982"><subfield code="a">(DE-14)11973957N</subfield><subfield code="x">1</subfield></datafield><datafield ind1="_" ind2="_" tag="983"><subfield code="a">(DE-14)16561189</subfield></datafield><datafield ind1="_" ind2="_" tag="984"><subfield code="b">o</subfield><subfield code="x">1</subfield></datafield><datafield ind1="_" ind2="_" tag="984"><subfield code="c">EHS</subfield></datafield><datafield ind1="_" ind2="_" tag="984"><subfield code="z">Elektronischer Volltext - Zugang &#252;ber WWW</subfield></datafield></record></collection>
